
@misc{A1,
 author = {Nicholas Carlini and David Wagner},
 title = {Towards Evaluating the Robustness
 of Neural Networks},
 year = 2017
}

@misc{A2,
 author = {Seyed-Mohsen Moosavi-Dezfooli, Alhussein Fawzi, Omar Fawz and Pascal Frossard},
 title = {Universal adversarial perturbations},
 year = 2017
}